@misc{driess2023palme,
      title={PaLM-E: An Embodied Multimodal Language Model}, 
      author={Danny Driess and Fei Xia and Mehdi S. M. Sajjadi and Corey Lynch and Aakanksha Chowdhery and Brian Ichter and Ayzaan Wahid and Jonathan Tompson and Quan Vuong and Tianhe Yu and Wenlong Huang and Yevgen Chebotar and Pierre Sermanet and Daniel Duckworth and Sergey Levine and Vincent Vanhoucke and Karol Hausman and Marc Toussaint and Klaus Greff and Andy Zeng and Igor Mordatch and Pete Florence},
      year={2023},
      eprint={2303.03378},
      archivePrefix={arXiv},
      primaryClass={cs.LG}
}

@misc{wang2021openvidial,
      title={OpenViDial 2.0: A Larger-Scale, Open-Domain Dialogue Generation Dataset with Visual Contexts}, 
      author={Shuhe Wang and Yuxian Meng and Xiaoya Li and Xiaofei Sun and Rongbin Ouyang and Jiwei Li},
      year={2021},
      eprint={2109.12761},
      archivePrefix={arXiv},
      primaryClass={cs.CL}
}

@misc{shuster2020image,
      title={Image Chat: Engaging Grounded Conversations}, 
      author={Kurt Shuster and Samuel Humeau and Antoine Bordes and Jason Weston},
      year={2020},
      eprint={1811.00945},
      archivePrefix={arXiv},
      primaryClass={cs.CL}
}

@misc{xu2022multimodal,
      title={Multimodal Learning with Transformers: A Survey}, 
      author={Peng Xu and Xiatian Zhu and David A. Clifton},
      year={2022},
      eprint={2206.06488},
      archivePrefix={arXiv},
      primaryClass={cs.CV}
}

@misc{chowdhery2022palm,
      title={PaLM: Scaling Language Modeling with Pathways}, 
      author={Aakanksha Chowdhery and Sharan Narang and Jacob Devlin and Maarten Bosma and Gaurav Mishra and Adam Roberts and Paul Barham and Hyung Won Chung and Charles Sutton and Sebastian Gehrmann and Parker Schuh and Kensen Shi and Sasha Tsvyashchenko and Joshua Maynez and Abhishek Rao and Parker Barnes and Yi Tay and Noam Shazeer and Vinodkumar Prabhakaran and Emily Reif and Nan Du and Ben Hutchinson and Reiner Pope and James Bradbury and Jacob Austin and Michael Isard and Guy Gur-Ari and Pengcheng Yin and Toju Duke and Anselm Levskaya and Sanjay Ghemawat and Sunipa Dev and Henryk Michalewski and Xavier Garcia and Vedant Misra and Kevin Robinson and Liam Fedus and Denny Zhou and Daphne Ippolito and David Luan and Hyeontaek Lim and Barret Zoph and Alexander Spiridonov and Ryan Sepassi and David Dohan and Shivani Agrawal and Mark Omernick and Andrew M. Dai and Thanumalayan Sankaranarayana Pillai and Marie Pellat and Aitor Lewkowycz and Erica Moreira and Rewon Child and Oleksandr Polozov and Katherine Lee and Zongwei Zhou and Xuezhi Wang and Brennan Saeta and Mark Diaz and Orhan Firat and Michele Catasta and Jason Wei and Kathy Meier-Hellstern and Douglas Eck and Jeff Dean and Slav Petrov and Noah Fiedel},
      year={2022},
      eprint={2204.02311},
      archivePrefix={arXiv},
      primaryClass={cs.CL}
}
